@misc{graphdbs,
  author = {Wikipedia},
  title = {Graph database},
  url = {https://en.wikipedia.org/wiki/Graph_database}
}